@article{Perron2019HowIL,
  title={How I Learned to Stop Worrying and Love Re-optimization},
  author={Matthew Perron and Zeyuan Shang and Tim Kraska and Michael Stonebraker},
  journal={2019 IEEE 35th International Conference on Data Engineering (ICDE)},
  year={2019},
  pages={1758-1761},
  url={https://api.semanticscholar.org/CorpusID:67856009}
}

@misc{srplan,
  title = {sr\_plan â€” save a specific plan of a parameterized query for future usage},
  author = {Postgres Professional LLC},
  note = {Accessed: 2024-05-12},
  howpublished = {\url{https://postgrespro.ru/docs/enterprise/16/sr-plan?lang=en}}
}